@article{test.2020,
	author={Nachname, Vorname and AndererNachname, Vorname2},
	title={Artikeltitel},
	date={2020-04-02},
	journal={Zeitschriftentitel},
}