% Beitragsautorinnen. Können bei Nutzung eines Literaturverwaltungsprogramms auch in einer extra Datei erfasst werden:
@author{author1,
	author={Nachname, Name},
	university={Universität Graz},
	institute={Institut für X},
	email= {name1.nachname1@uni-graz.at},
	orcid= {ORCID-ID1},
	addendum={Und hier können dann noch weitere Angaben zum CV erfolgen}
}

@author{author2,
	author={Nachname1, Name1},
	university={Universität Graz},
	institute={Institut für Y},
	email= {name2.nachname2@uni-graz.at},
	orcid= {ORCID-ID2},
	addendum={Und hier können dann noch weitere Angaben zum CV erfolgen}
}


%Eigentliche Quellen
@article{test.2020,
	author={Nachname, Vorname and AndererNachname, Vorname2},
	title={Artikeltitel},
	date={2020-04-02},
	journal={Zeitschriftentitel},
}