%% This is file `literatur-beitrag1.bib' version 1.00 (2022/10/05),
%% it is part of
%% UniGrazPub – LaTeX Templates for Graz University Library Publishing
%% ----------------------------------------------------------------------------
%%
%%  Copyright (C) 2022 by Marei Peischl <marei@peitex.de>
%%
%% ============================================================================
%% This work may be distributed and/or modified under the
%% conditions of the LaTeX Project Public License, either version 1.3c
%% of this license or (at your option) any later version.
%% The latest version of this license is in
%% http://www.latex-project.org/lppl.txt
%% and version 1.3c or later is part of all distributions of LaTeX
%% version 2008/05/04 or later.
%%
%% This work has the LPPL maintenance status `maintained'.
%%
%% The Current Maintainers of this work are
%%   Marei Peischl <unigrazpub@peitex.de>
%%
%% The development respository can be found at
%% https://github.com/peiTeX/unigrazpub
%% Please use the issue tracker for feedback!
%%
%% ============================================================================
%%
% !TeX program = lualatex
%%

% Beitragsautorinnen. Können bei Nutzung eines Literaturverwaltungsprogramms auch in einer extra Datei erfasst werden:
@author{author1,
	author={Nachname, Name},
	university={Universität Graz},
	institute={Institut für X},
	email= {name1.nachname1@uni-graz.at},
	orcid= {ORCID-ID1},
	addendum={Und hier können dann noch weitere Angaben zum CV erfolgen}
}

@author{author2,
	author={Nachname1, Name1},
	university={Universität Graz},
	institute={Institut für Y},
	email= {name2.nachname2@uni-graz.at},
	orcid= {ORCID-ID2},
	addendum={Und hier können dann noch weitere Angaben zum CV erfolgen}
}


%Eigentliche Quellen
@article{test.2020,
	author={Nachname, Vorname and AndererNachname, Vorname2},
	title={Artikeltitel},
	date={2020-04-02},
	journal={Zeitschriftentitel},
}